[gd_scene load_steps=11 format=2]

[ext_resource path="res://Scenes/resources/LightSensitiveMaterial.tres" type="Material" id=1]
[ext_resource path="res://Rooms/GeneralRoom.gd" type="Script" id=2]
[ext_resource path="res://Rooms/debugBG.tscn" type="PackedScene" id=3]
[ext_resource path="res://assets/backgrounds/FloorTiles.tres" type="TileSet" id=4]
[ext_resource path="res://assets/backgrounds/WallTiles.tres" type="TileSet" id=5]
[ext_resource path="res://Scenes/StairCase.tscn" type="PackedScene" id=6]
[ext_resource path="res://Scenes/Trap.tscn" type="PackedScene" id=7]
[ext_resource path="res://Scenes/Player.tscn" type="PackedScene" id=8]
[ext_resource path="res://Scenes/Monster.tscn" type="PackedScene" id=9]
[ext_resource path="res://Scenes/CanvasLayer.tscn" type="PackedScene" id=10]

[node name="Room" type="Node2D"]
material = ExtResource( 1 )
script = ExtResource( 2 )

[node name="Floor" type="Node2D" parent="."]
use_parent_material = true

[node name="BG" parent="Floor" instance=ExtResource( 3 )]
position = Vector2( 1325.66, 391.51 )

[node name="Floor" type="TileMap" parent="Floor"]
use_parent_material = true
tile_set = ExtResource( 4 )
cell_size = Vector2( 256, 256 )
format = 1
tile_data = PoolIntArray( -65532, -1610612736, 0, 2, 0, 0, 3, 0, 0, 4, 0, 0, 5, 0, 0, 6, -1073741824, 0, 65538, 0, 0, 65539, 0, 0, 65540, 0, 0, 65541, 1610612736, 0, 65542, -1073741824, 0, 131074, 0, 0, 131075, 0, 0, 131076, 0, 0, 131077, 0, 0, 131078, -1073741824, 0, 196610, 0, 0, 196611, 1610612736, 0, 196612, 0, 0, 196613, -1073741824, 0, 196614, -1073741824, 0, 262146, 0, 0, 262147, -1073741824, 0, 262148, 0, 0, 262149, 0, 0, 262150, -1073741824, 0, 327684, -1073741824, 0 )

[node name="Walls" type="TileMap" parent="Floor"]
use_parent_material = true
tile_set = ExtResource( 5 )
cell_size = Vector2( 256, 256 )
format = 1
tile_data = PoolIntArray( -131069, -1610612735, 0, -131067, -2147483647, 0, -65535, 8, 0, -65534, 536870919, 0, -65533, 3, 0, -65531, 536870915, 0, -65530, 536870919, 0, -65529, 536870920, 0, 1, 0, 0, 7, -2147483642, 0, 65537, 0, 0, 65543, 536870912, 0, 131073, 0, 0, 131079, 536870912, 0, 196609, 0, 0, 196615, 536870912, 0, 262145, 0, 0, 262151, 536870912, 0, 327681, 1, 0, 327682, -1073741824, 0, 327683, -536870901, 0, 327685, -1073741813, 0, 327686, -1073741824, 0, 327687, -1073741823, 0, 393219, 1, 0, 393220, -1073741824, 0, 393221, -1073741823, 0 )

[node name="StairCase" parent="." instance=ExtResource( 6 )]
position = Vector2( 1152, -384 )

[node name="Trap" parent="." instance=ExtResource( 7 )]
position = Vector2( 640, 896 )

[node name="Trap2" parent="." instance=ExtResource( 7 )]
position = Vector2( 1664, 384 )

[node name="Trap3" parent="." instance=ExtResource( 7 )]
position = Vector2( 1664, 121.743 )

[node name="Trap4" parent="." instance=ExtResource( 7 )]
position = Vector2( 1407.66, 125.498 )

[node name="Trap5" parent="." instance=ExtResource( 7 )]
position = Vector2( 1664, 640 )

[node name="Trap6" parent="." instance=ExtResource( 7 )]
position = Vector2( 1664, 896 )

[node name="Trap7" parent="." instance=ExtResource( 7 )]
position = Vector2( 1664, 1152 )

[node name="Trap9" parent="." instance=ExtResource( 7 )]
position = Vector2( 1407.66, 1155.75 )

[node name="Trap8" parent="." instance=ExtResource( 7 )]
position = Vector2( 896, 1159.51 )

[node name="Trap10" parent="." instance=ExtResource( 7 )]
position = Vector2( 640, 1159.51 )

[node name="Trap11" parent="." instance=ExtResource( 7 )]
position = Vector2( 640, 643.755 )

[node name="Trap12" parent="." instance=ExtResource( 7 )]
position = Vector2( 640, 387.755 )

[node name="Trap13" parent="." instance=ExtResource( 7 )]
position = Vector2( 640, 125.498 )

[node name="Trap14" parent="." instance=ExtResource( 7 )]
position = Vector2( 896, 128 )

[node name="YSort" type="YSort" parent="."]
use_parent_material = true

[node name="Player" parent="YSort" instance=ExtResource( 8 )]
position = Vector2( 1152, 1410.45 )

[node name="Monster" parent="YSort" instance=ExtResource( 9 )]
position = Vector2( 1152, -128 )

[node name="CanvasLayer" parent="." instance=ExtResource( 10 )]

[node name="Transition" parent="CanvasLayer" index="0"]
visible = false

[editable path="StairCase"]

[editable path="CanvasLayer"]
